@ARTICLE{Cowan2009,
       author = {{Cowan}, Nicolas B. and {Agol}, Eric and {Meadows}, Victoria S. and
         {Robinson}, Tyler and {Livengood}, Timothy A. and {Deming}, Drake and
         {Lisse}, Carey M. and {A'Hearn}, Michael F. and {Wellnitz}, Dennis D. and
         {Seager}, Sara and {Charbonneau}, David and {EPOXI Team}},
        title = "{Alien Maps of an Ocean-bearing World}",
      journal = {\apj},
     keywords = {methods: data analysis, planetary systems, Astrophysics - Earth and Planetary Astrophysics},
         year = "2009",
        month = "Aug",
       volume = {700},
        pages = {915-923},
          doi = {10.1088/0004-637X/700/2/915},
archivePrefix = {arXiv},
       eprint = {0905.3742},
 primaryClass = {astro-ph.EP},
       adsurl = {https://ui.adsabs.harvard.edu/\#abs/2009ApJ...700..915C},
      adsnote = {Provided by the SAO/NASA Astrophysics Data System}
}

@ARTICLE{Luger2018,
    author = {{Luger}, R. and {Agol}, E. and {Foreman-Mackey}, D. and {Fleming}, D.~P. and
     {Lustig-Yaeger}, J. and {Deitrick}, R.},
     title = "{STARRY: Analytic Occultation Light Curves}",
    journal = {ArXiv e-prints},
    archivePrefix = "arXiv",
    eprint = {1810.06559},
    primaryClass = "astro-ph.IM",
    keywords = {Astrophysics - Instrumentation and Methods for Astrophysics, Astrophysics - Earth and Planetary Astrophysics, Astrophysics - Solar and Stellar Astrophysics},
      year = 2018,
     month = oct,
    adsurl = {http://adsabs.harvard.edu/abs/2018arXiv181006559L},
    adsnote = {Provided by the SAO/NASA Astrophysics Data System}
}

@ARTICLE{Ricker2015,
       author = {{Ricker}, George R. and {Winn}, Joshua N. and {Vanderspek}, Roland and
         {Latham}, David W. and {Bakos}, G{\'a}sp{\'a}r {\'A}. and
         {Bean}, Jacob L. and {Berta-Thompson}, Zachory K. and
         {Brown}, Timothy M. and {Buchhave}, Lars and {Butler}, Nathaniel R. and
         {Butler}, R. Paul and {Chaplin}, William J. and {Charbonneau}, David and
         {Christensen-Dalsgaard}, J{\o}rgen and {Clampin}, Mark and
         {Deming}, Drake and {Doty}, John and {De Lee}, Nathan and
         {Dressing}, Courtney and {Dunham}, Edward W. and {Endl}, Michael and
         {Fressin}, Francois and {Ge}, Jian and {Henning}, Thomas and
         {Holman}, Matthew J. and {Howard}, Andrew W. and {Ida}, Shigeru and
         {Jenkins}, Jon M. and {Jernigan}, Garrett and {Johnson}, John Asher and
         {Kaltenegger}, Lisa and {Kawai}, Nobuyuki and {Kjeldsen}, Hans and
         {Laughlin}, Gregory and {Levine}, Alan M. and {Lin}, Douglas and
         {Lissauer}, Jack J. and {MacQueen}, Phillip and {Marcy}, Geoffrey and
         {McCullough}, Peter R. and {Morton}, Timothy D. and {Narita}, Norio and
         {Paegert}, Martin and {Palle}, Enric and {Pepe}, Francesco and
         {Pepper}, Joshua and {Quirrenbach}, Andreas and {Rinehart}, Stephen A. and
         {Sasselov}, Dimitar and {Sato}, Bun'ei and {Seager}, Sara and
         {Sozzetti}, Alessandro and {Stassun}, Keivan G. and {Sullivan}, Peter and
         {Szentgyorgyi}, Andrew and {Torres}, Guillermo and {Udry}, Stephane and
         {Villasenor}, Joel},
        title = "{Transiting Exoplanet Survey Satellite (TESS)}",
      journal = {Journal of Astronomical Telescopes, Instruments, and Systems},
         year = "2015",
        month = "Jan",
       volume = {1},
          eid = {014003},
        pages = {014003},
          doi = {10.1117/1.JATIS.1.1.014003},
       adsurl = {https://ui.adsabs.harvard.edu/\#abs/2015JATIS...1a4003R},
      adsnote = {Provided by the SAO/NASA Astrophysics Data System}
}



@ARTICLE{Sagan1993,
       author = {{Sagan}, Carl and {Thompson}, W. Reid and {Carlson}, Robert and
         {Gurnett}, Donald and {Hord}, Charles},
        title = "{A search for life on Earth from the Galileo spacecraft}",
      journal = {\nat},
         year = "1993",
        month = "Oct",
       volume = {365},
        pages = {715-721},
          doi = {10.1038/365715a0},
       adsurl = {https://ui.adsabs.harvard.edu/\#abs/1993Natur.365..715S},
      adsnote = {Provided by the SAO/NASA Astrophysics Data System}
}

